@article{Python,
 title={Python dokumentáció},
 journal={https://docs.python.org/3/tutorial/},
 year={2021}
}

@article{Ackerman,
 title={Ackerman geometria},
 journal={https://datagenetics.com/blog/december12016/index.html},
 year={2016}
}

@article{2DHistogram,
 title={2 dimenziós hisztogram},
 journal={https://www.geeksforgeeks.org/plot-2-d-histogram-in-python-using-matplotlib/},
 year={2020}
}

@article{Matplotlib,
 title={Matplotlib dokumentáció},
 journal={https://matplotlib.org/},
 year={2021}
}




@article{A_star,
 title={A* algoritmus},
 journal={https://www.annytab.com/a-star-search-algorithm-in-python/},
 year={2020}
}

@incollection{jazar2014steering,
  title={Steering dynamics},
  author={Jazar, Reza N},
  booktitle={Vehicle Dynamics},
  pages={387--495},
  year={2014},
  publisher={Springer}
}

@article{weisstein2003rotation,
  title={Rotation matrix},
  author={Weisstein, Eric W},
  journal={https://mathworld. wolfram. com/},
  year={2003},
  publisher={Wolfram Research, Inc.}
}

@inproceedings{breivik2005principles,
  title={Principles of guidance-based path following in 2D and 3D},
  author={Breivik, Morten and Fossen, Thor I},
  booktitle={Proceedings of the 44th IEEE Conference on Decision and Control},
  pages={627--634},
  year={2005},
  organization={IEEE}
}

@article{maalouf2006higher,
  title={A higher level path tracking controller for a four-wheel differentially steered mobile robot},
  author={Maalouf, Elie and Saad, Maarouf and Saliah, Hamadou},
  journal={Robotics and Autonomous Systems},
  volume={54},
  number={1},
  pages={23--33},
  year={2006},
  publisher={Elsevier}
}


